@misc{tranxRepo,
  author = {Yin, Pengcheng and Neubig, Graham},
  title = {{TranX GitHub Repository}},
  year = {2018},
  publisher = {GitHub},
  journal = {GitHub repository},
  howpublished = {\url{https://github.com/pcyin/tranX}},
}

@incollection{
    bnf,
    title={Backus-naur form (bnf)},
    author={McCracken, Daniel D and Reilly, Edwin D},
    booktitle={Encyclopedia of Computer Science},
    pages={129--131},
    year={2003}
}

@article{
    tranx,
    title={TRANX: A transition-based neural abstract syntax parser for     semantic parsing and code generation},
    author={Yin, Pengcheng and Neubig, Graham},
    journal={arXiv preprint arXiv:1810.02720},
    year={2018}
}

@article{
  challenges,
  title={Natural language processing: State of the art, current trends and challenges},
  author={Khurana, Diksha and Koli, Aditya and Khatter, Kiran and Singh, Sukhdev},
  journal={arXiv preprint arXiv:1708.05148},
  year={2017}
}

@article{
    progT,
    title={Generic algorithm patterns},
    author={Gregorics, Tibor and Sike, S{\'a}ndor},
    journal={Proceedings of Formal Methods in Computer Science Education FORMED},
    pages={141--150},
    year={2008},
    publisher={Citeseer}
}

@article{progT1,
  title={Programming theorems on enumerator},
  author={Gregorics, Tibor},
  journal={Teaching Mathematics and Computer Science, Debrecen},
  volume={8},
  number={1},
  pages={89--108},
  year={2010}
}

@article{progSolve,
  title={Programming Theorems and Their Applications},
  author={Fekete, Istv{\'a}n and Gregorios, Tibor and Pusztai, Kinga Kov{\'a}csn{\'e} and Veszpr{\'e}mi, Anna},
  journal={Teaching Mathematics and Computer Science},
  volume={17},
  number={2},
  pages={213--241},
  year={2019},
  publisher={University of Debrecen}
}


@article{
  Sum,
  title={Force of summation},
  author={Gregorics, Tibor},
  journal={Teaching Mathematics and Computer Science, Debrecen},
  volume={10},
  number={1},
  pages={1--15},
  year={2014}
}

@article{
  text1,
  title={Latent semantic analysis for text categorization using neural network},
  author={Yu, Bo and Xu, Zong-ben and Li, Cheng-hua},
  journal={Knowledge-Based Systems},
  volume={21},
  number={8},
  pages={900--904},
  year={2008},
  publisher={Elsevier}
}

@inproceedings{
  text2,
  title={Sentiment analysis using convolutional neural network},
  author={Ouyang, Xi and Zhou, Pan and Li, Cheng Hua and Liu, Lijun},
  booktitle={2015 IEEE international conference on computer and information technology; ubiquitous computing and communications; dependable, autonomic and secure computing; pervasive intelligence and computing},
  pages={2359--2364},
  year={2015},
  organization={IEEE}
}

@article{abstractNetworks,
  title={Abstract syntax networks for code generation and semantic parsing},
  author={Rabinovich, Maxim and Stern, Mitchell and Klein, Dan},
  journal={arXiv preprint arXiv:1704.07535},
  year={2017}
}

@article{translation,
  title={Neural machine translation by jointly learning to align and translate},
  author={Bahdanau, Dzmitry and Cho, Kyunghyun and Bengio, Yoshua},
  journal={arXiv preprint arXiv:1409.0473},
  year={2014}
}

@article{LuongPhamManning2015,
  title={Effective approaches to attention-based neural machine translation},
  author={Luong, Minh-Thang and Pham, Hieu and Manning, Christopher D},
  journal={arXiv preprint arXiv:1508.04025},
  year={2015}
}

@inproceedings{VinyalsFortunatoJaitly2015,
  title={Pointer networks},
  author={Vinyals, Oriol and Fortunato, Meire and Jaitly, Navdeep},
  booktitle={Advances in neural information processing systems},
  pages={2692--2700},
  year={2015}
}

@article{oliphant2007python,
  title={Python for scientific computing},
  author={Oliphant, Travis E},
  journal={Computing in Science \& Engineering},
  volume={9},
  number={3},
  pages={10--20},
  year={2007},
  publisher={IEEE}
}

@inproceedings{bleu,
  title={Bleu: a method for automatic evaluation of machine translation},
  author={Papineni, Kishore and Roukos, Salim and Ward, Todd and Zhu, Wei-Jing},
  booktitle={Proceedings of the 40th annual meeting of the Association for Computational Linguistics},
  pages={311--318},
  year={2002}
}

@inproceedings{conala,
  author = {Yin, Pengcheng and Deng, Bowen and Chen, Edgar and Vasilescu, Bogdan and Neubig, Graham},
  title = {Learning to Mine Aligned Code and Natural Language Pairs from Stack Overflow},
  booktitle = {International Conference on Mining Software Repositories},
  series = {MSR},
  pages = {476--486},
  year = {2018},
  publisher = {ACM},
  doi = {https://doi.org/10.1145/3196398.3196408},
}

@inproceedings{project1,
  title={Language to code: Learning semantic parsers for if-this-then-that recipes},
  author={Quirk, Chris and Mooney, Raymond and Galley, Michel},
  booktitle={Proceedings of the 53rd Annual Meeting of the Association for Computational Linguistics and the 7th International Joint Conference on Natural Language Processing (Volume 1: Long Papers)},
  pages={878--888},
  year={2015}
}


@inproceedings{project11,
  title={Interactive semantic parsing for if-then recipes via hierarchical reinforcement learning},
  author={Yao, Ziyu and Li, Xiujun and Gao, Jianfeng and Sadler, Brian and Sun, Huan},
  booktitle={Proceedings of the AAAI Conference on Artificial Intelligence},
  volume={33},
  number={01},
  pages={2547--2554},
  year={2019}
}


@inproceedings{project3,
  title={Bimodal modelling of source code and natural language},
  author={Allamanis, Miltos and Tarlow, Daniel and Gordon, Andrew and Wei, Yi},
  booktitle={International conference on machine learning},
  pages={2123--2132},
  year={2015},
  organization={PMLR}
}

@article{project4,
  title={Leveraging grammar and reinforcement learning for neural program synthesis},
  author={Bunel, Rudy and Hausknecht, Matthew and Devlin, Jacob and Singh, Rishabh and Kohli, Pushmeet},
  journal={arXiv preprint arXiv:1805.04276},
  year={2018}
}


@inproceedings{project44,
  title={Deep reinforcement learning for NLP},
  author={Wang, William Yang and Li, Jiwei and He, Xiaodong},
  booktitle={Proceedings of the 56th Annual Meeting of the Association for Computational Linguistics: Tutorial Abstracts},
  pages={19--21},
  year={2018}
}


@misc{stack,
  title = {Stack Overflow},
  howpublished = {\url{https://stackoverflow.com/}},
}

@misc{tranXs,
  title = {TranX software},
  howpublished = {\url{https://github.com/pcyin/tranX}},
}

@article{ast,
  title={An algorithm for generating abstract syntax trees},
  author={Noonan, Robert E},
  journal={Computer Languages},
  volume={10},
  number={3-4},
  pages={225--236},
  year={1985},
  publisher={Elsevier}
}

@article{trans,
  title={Globally normalized transition-based neural networks},
  author={Andor, Daniel and Alberti, Chris and Weiss, David and Severyn, Aliaksei and Presta, Alessandro and Ganchev, Kuzman and Petrov, Slav and Collins, Michael},
  journal={arXiv preprint arXiv:1603.06042},
  year={2016}
}

@inproceedings{python,
  title={Python Programming Language.},
  author={Van Rossum, Guido and others},
  booktitle={USENIX annual technical conference},
  volume={41},
  pages={36},
  year={2007}
}

@article{useful1,
  title={Latent predictor networks for code generation},
  author={Ling, Wang and Grefenstette, Edward and Hermann, Karl Moritz and Ko{\v{c}}isk{\`y}, Tom{\'a}{\v{s}} and Senior, Andrew and Wang, Fumin and Blunsom, Phil},
  journal={arXiv preprint arXiv:1603.06744},
  year={2016}
}

@article{useful2,
  title={Code generation by model transformation: a case study in transformation modularity},
  author={Hemel, Zef and Kats, Lennart CL and Groenewegen, Danny M and Visser, Eelco},
  journal={Software \& Systems Modeling},
  volume={9},
  number={3},
  pages={375--402},
  year={2010},
  publisher={Springer}
}

@article{useful3,
  title={Automatic code generation from design patterns},
  author={Budinsky, Frank J. and Finnie, Marilyn A. and Vlissides, John M. and Yu, Patsy S.},
  journal={IBM systems Journal},
  volume={35},
  number={2},
  pages={151--171},
  year={1996},
  publisher={IBM}
}

@misc{PythonFullGrammar,
  author={Python Software Foundation},
  title={Python 3 Full Grammar Specification},
  year=2020,
  url={https://docs.python.org/3/reference/grammar.html},
  urldate={2020-07-18}
}

@misc{PythonAbstractGrammar,
  author={Python Software Foundation},
  title={Python 3 Abstract Grammar Specification},
  year=2020,
  url={https://docs.python.org/3/library/ast.html},
  urldate={2020-07-18}
}

@misc{CPythonCompiler,
  author={Python Software Foundation},
  title={Design of CPython's Compiler},
  year=2020,
  url={https://devguide.python.org/compiler/},
  urldate={2020-07-18}
}

@inproceedings{asdl,
  title={The Zephyr Abstract Syntax Description Language.},
  author={Wang, Daniel C and Appel, Andrew W and Korn, Jeffrey L and Serra, Christopher S},
  booktitle={DSL},
  volume={97},
  pages={17--17},
  year={1997}
}
